<record><leader>00000cas a22000007a 4500</leader><controlfield tag="001">11994824</controlfield><controlfield tag="008">850503d18561857wiuwr ne      0    0eng d</controlfield><datafield ind1=" " ind2=" " tag="010"><subfield code="a">sn 85040452 </subfield></datafield><datafield ind1=" " ind2=" " tag="040"><subfield code="a">NPV</subfield><subfield code="b">eng</subfield><subfield code="c">NPV</subfield><subfield code="d">OCLCQ</subfield></datafield><datafield ind1=" " ind2=" " tag="042"><subfield code="a">msc</subfield></datafield><datafield ind1=" " ind2=" " tag="045"><subfield code="a">w5w5</subfield></datafield><datafield ind1=" " ind2=" " tag="052"><subfield code="a">4123</subfield><subfield code="b">V4</subfield></datafield><datafield ind1="0" ind2=" " tag="130"><subfield code="a">Western times (Viroqua, Wis.)</subfield></datafield><datafield ind1="1" ind2="0" tag="245"><subfield code="a">Western times.</subfield></datafield><datafield ind1=" " ind2=" " tag="260"><subfield code="a">Viroqua, Badax [i.e. Vernon] County, Wis. :</subfield><subfield code="b">J.A. Somerby,</subfield><subfield code="c">1856-1857.</subfield></datafield><datafield ind1=" " ind2=" " tag="300"><subfield code="a">2. v.</subfield></datafield><datafield ind1=" " ind2=" " tag="310"><subfield code="a">Weekly</subfield></datafield><datafield ind1="0" ind2=" " tag="362"><subfield code="a">Vol. 1, no. 1 (June 7, 1856)-v. 2, no. 47 (Dec. 16, 1857).</subfield></datafield><datafield ind1=" " ind2=" " tag="500"><subfield code="a">Published in Viroqua, Wis., June 7, 1856-&lt;Sept. 30, 1857&gt;; in Viroqua and De Soto, Wis., &lt;Oct. 14, 1857&gt;-Dec. 16, 1857.</subfield></datafield><datafield ind1=" " ind2=" " tag="500"><subfield code="a">Editors: J.A. Somerby, June 7, 1856-July 29, 1857; J.A. Somerby &amp; D. Mulhern, Aug. 5, 1857-&lt;Sept. 30, 1857&gt;; J.A. Somerby &amp; J. Osgood, &lt;Oct. 14, 1857&gt;-Dec. 16, 1857.</subfield></datafield><datafield ind1=" " ind2=" " tag="530"><subfield code="a">Available on microfilm from The State Historical Society of Wisconsin.</subfield></datafield><datafield ind1=" " ind2=" " tag="752"><subfield code="a">United States</subfield><subfield code="b">Wisconsin</subfield><subfield code="c">Vernon</subfield><subfield code="d">Viroqua.</subfield></datafield><datafield ind1=" " ind2=" " tag="752"><subfield code="a">United States</subfield><subfield code="b">Wisconsin</subfield><subfield code="c">Vernon</subfield><subfield code="d">De Soto.</subfield></datafield><datafield ind1="0" ind2="0" tag="785"><subfield code="t">North western times</subfield><subfield code="w">(DLC)sn 85033285</subfield></datafield><datafield ind1="1" ind2=" " tag="029"><subfield code="a">AU@</subfield><subfield code="b">000025801032</subfield></datafield></record>